@Article{Akkas2018,
author="Akka{\c{s}}, M. Alper",
title="Using wireless underground sensor networks for mine and miner safety",
journal="Wireless Networks",
year="2018",
month="Jan",
day="01",
volume="24",
number="1",
pages="17--26",
issn="1572-8196",
doi="10.1007/s11276-016-1313-0",
url="https://doi.org/10.1007/s11276-016-1313-0"
}

@inproceedings{rainforests2009,
author = {Wark, Tim and Hu, Wen and Corke, Peter and Hodge, Jonathan and Keto, Aila and Mackey, Ben and Foley, Glenn and Sikka, Pavan and Bruenig, Michael},
year = {2009},
month = {01},
pages = {599 - 604},
title = {Springbrook: Challenges in developing a long-term, rainforest wireless sensor network},
doi = {10.1109/ISSNIP.2008.4762055}
}

@article{anagnostop2016,
author = {Anagnostopoulos, Christos},
year = {2016},
month = {06},
pages = {},
title = {Quality-optimized predictive analytics},
volume = {45},
journal = {Applied Intelligence},
doi = {10.1007/s10489-016-0807-x}
}

@article{shi2016,
author = {Shi, Weisong and Cao, Jie and Zhang, Quan and Li, Youhuizi and Xu, Lanyu},
year = {2016},
month = {10},
pages = {1-1},
title = {Edge Computing: Vision and Challenges},
volume = {3},
journal = {IEEE Internet of Things Journal},
doi = {10.1109/JIOT.2016.2579198}
}

@article{tanluizhang2011,
author = {Tan, Zhi and Liu, Yun and Zhang, Zhenjiang},
year = {2011},
month = {03},
pages = {},
title = {Performance requirements on energy efficiency in WSNs},
volume = {3},
doi = {10.1109/ICCRD.2011.5764269}
}

@article{waterwsn2017,
 author = {Adu-Manu, Kofi Sarpong and Tapparello, Cristiano and Heinzelman, Wendi and Katsriku, Ferdinand Apietu and Abdulai, Jamal-Deen},
 title = {Water Quality Monitoring Using Wireless Sensor Networks: Current Trends and Future Research Directions},
 journal = {ACM Trans. Sen. Netw.},
 issue_date = {February 2017},
 volume = {13},
 number = {1},
 month = jan,
 year = {2017},
 issn = {1550-4859},
 pages = {4:1--4:41},
 articleno = {4},
 numpages = {41},
 url = {http://doi.acm.org/10.1145/3005719},
 doi = {10.1145/3005719},
 acmid = {3005719},
 publisher = {ACM},
 address = {New York, NY, USA},
 keywords = {Wireless sensor networks, environmental monitoring, water quality},
} 

@misc{UCLAbook, 
title={Optimal Stopping and Applications}, 
url={http://www.math.ucla.edu/~tom/Stopping/sr1.pdf}, 
journal={UCLA Department of Mathematics}, 
author={Ferguson, Thomas S}
}

@article{tian18, 
title={Continuum: A Platform for Cost-Aware, Low-Latency Continual Learning}, DOI={htps://doi.org/10.1145/3267809.3267817}, 
journal={Proceedings of the ACM Symposium on Cloud Computing - SoCC 18}, 
author={Tian, Huangshi and Yu, Minchen and Wang, Wei}, 
year={2018}
}

@article{shiryaev1963,
author = {Shiryaev, A.},
title = {On Optimum Methods in Quickest Detection Problems},
journal = {Theory of Probability \& Its Applications},
volume = {8},
number = {1},
pages = {22-46},
year = {1963},
doi = {10.1137/1108002},
URL = {https://doi.org/10.1137/1108002}
}

@article{page1954,
author = {Page, E. S.},
title = {CONTINUOUS INSPECTION SCHEMES},
journal = {Biometrika},
volume = {41},
number = {1-2},
pages = {100-115},
year = {1954},
doi = {10.1093/biomet/41.1-2.100},
URL = {http://dx.doi.org/10.1093/biomet/41.1-2.100},
eprint = {/oup/backfile/content_public/journal/biomet/41/1-2/10.1093/biomet/41.1-2.100/2/41-1-2-100.pdf}
}

@article{moustakides1986,
author = {Moustakides, George},
year = {1986},
month = {12},
pages = {},
title = {Optimal Stopping Times for Detecting Changes in Distributions},
volume = {14},
journal = {Annals of Statistics},
doi = {10.1214/aos/1176350164}
}

@article{lorden1971,
author = {Lorden, Gary},
year = {1971},
month = {12},
pages = {},
title = {Procedures for Reacting to a Change in Distribution},
volume = {42},
journal = {The Annals of Mathematical Statistics},
doi = {10.1214/aoms/1177693055}
}

@inproceedings{lautay2018,
author = {Siang Lau, Tze and Tay, Wee Peng},
year = {2018},
month = {04},
pages = {6643-6647},
title = {Quickest Change Detection Under a Nuisance Change},
doi = {10.1109/ICASSP.2018.8462436}
}

@article{anagnostopkolomvatos2016,
title = "A delay-resilient and quality-aware mechanism over incomplete contextual data streams",
journal = "Information Sciences",
volume = "355-356",
pages = "90 - 109",
year = "2016",
issn = "0020-0255",
doi = "https://doi.org/10.1016/j.ins.2016.03.020",
url = "http://www.sciencedirect.com/science/article/pii/S0020025516301670",
author = "Christos Anagnostopoulos and Kostas Kolomvatsos",
}

@article{anagnostop2014,
 author = {Anagnostopoulos, Christos},
 title = {Time-optimized Contextual Information Forwarding in Mobile Sensor Networks},
 journal = {J. Parallel Distrib. Comput.},
 issue_date = {May, 2014},
 volume = {74},
 number = {5},
 month = may,
 year = {2014},
 issn = {0743-7315},
 pages = {2317--2332},
 numpages = {16},
 url = {http://dx.doi.org/10.1016/j.jpdc.2014.01.008},
 doi = {10.1016/j.jpdc.2014.01.008},
 acmid = {2612151},
 publisher = {Academic Press, Inc.},
 address = {Orlando, FL, USA},
 keywords = {Mobile sensor networks, Optimal stopping theory, Quality context forwarding},
} 

@misc{harth2018,
booktitle = {2018 IEEE International Conference on Edge Computing (EDGE)},
month = {April},
title = {Edge-centric Efficient Regression Analytics},
author = {Natascha Harth and Christos Anagnostopoulos},
year = {2018},
journal = {IEEE INTERNATIONAL CONFERENCE ON EDGE COMPUTING},
url = {http://eprints.gla.ac.uk/160937/},
abstract = {No abstract available.}
}

@article{HUERTA2016169,
title = "Online decorrelation of humidity and temperature in chemical sensors for continuous monitoring",
journal = "Chemometrics and Intelligent Laboratory Systems",
volume = "157",
pages = "169 - 176",
year = "2016",
issn = "0169-7439",
doi = "https://doi.org/10.1016/j.chemolab.2016.07.004",
url = "http://www.sciencedirect.com/science/article/pii/S0169743916301666",
author = "Ramon Huerta and Thiago Mosqueiro and Jordi Fonollosa and Nikolai F Rulkov and Irene Rodriguez-Lujan"
}

@article{cusum_pierre,
author = {Granjon, Pierre},
year = {2013},
month = {06},
pages = {},
title = {The CuSum algorithm - a small review}
}